
@book{Tufte2001,
	author = {Tufte, Edward R.},
	title = {The Visual Display of Quantitative Information },
	edition = {2nd edition},
	publisher = {Pearson Education Limited},
	address = {Cheshire, Connecticut},
	note = {978-1-930-82413-3}
}